@inbook{cobb1,
	year = {1992},
	address = {Washington DC},
	author = {George Cobb},
	chapter = {Teaching Statistics},
	editor = {Lynn A. Steen},
	pages = {3-43},
	publisher = {The Mathematical Association of America},
	title = {Heeding the Call for Change: Suggestions for Curricular Action ({MAA N}otes No. 22)}
	}
	
@article{cobb2,
	author = {George Cobb},
	title = {Reconsidering Statistics Education: A National Science Foundation Conference},
	journal={Journal of Statistics Education},
	year={1993},
	volume={1},
	number={1},
	url={http://www.amstat.org/publications/jse/v1n1/cobb.html},
	}
	
@article{gal,
	author = {Iddo Gal},
	title = {Adults' Statistical Literacy: Meanings, Components, Responsibilities},
	journal={International Statistical Review},
	year={2002},
	volume={70},
	number={},
	pages={1-51},
	}
	
@misc{garfield,
	author = {Joan Garfield},
	title = {Evaluating the Statistics Education Reform. {F}inal Report to the National Science Foundation},
	year={2000},
	url={http://education.umn.edu/EdPsych/Projects/Impact.html},
	}		

@article{moore,
	author = {David Moore},
	title = {New Pedagogy and New Content: The Case of Statistics},
	journal={International Statistical Review},
	year={1997},
	volume={65},
	number={},
	pages={123-165},
	}
	
@article{rumsey,
	author = {D. J. Rumsey},
	title = {Statistical Literacy as a Goal for Introductory Statistics Courses},
	journal={Journal of Statistics Education},
	year={2002},
	volume={10},
	number={3},
	url={http://www.amstat.org/publications/jse/v10n3/rumsey2.html},
	}		
	
@article{utts,
	author = {Jessica Utts},
	title = {What Educated Citizens should know about Statistics and Probability?},
	journal={The American Statistician},
	year={2003},
	volume={57},
	number={2},
	pages={74-79},
	}	
	
	
		